<record><leader>00000cas a22000007a 4500</leader><controlfield tag="001">11709976</controlfield><controlfield tag="008">850219d18841885wiuwr ne      0    0eng d</controlfield><datafield ind1=" " ind2=" " tag="010"><subfield code="a">sn 85040175 </subfield></datafield><datafield ind1=" " ind2=" " tag="040"><subfield code="a">NPV</subfield><subfield code="b">eng</subfield><subfield code="c">NPV</subfield><subfield code="d">OCLCQ</subfield></datafield><datafield ind1=" " ind2=" " tag="042"><subfield code="a">msc</subfield></datafield><datafield ind1=" " ind2=" " tag="043"><subfield code="a">n-us-wi</subfield></datafield><datafield ind1=" " ind2=" " tag="045"><subfield code="a">w8w8</subfield></datafield><datafield ind1=" " ind2=" " tag="052"><subfield code="a">4123</subfield><subfield code="b">P7</subfield></datafield><datafield ind1="0" ind2="0" tag="245"><subfield code="a">Wisconsin eagle.</subfield></datafield><datafield ind1=" " ind2=" " tag="260"><subfield code="a">Stevens Point, Portage County, Wis. :</subfield><subfield code="b">A.G. Ellis,</subfield><subfield code="c">1884-1885.</subfield></datafield><datafield ind1=" " ind2=" " tag="300"><subfield code="a">v.</subfield></datafield><datafield ind1=" " ind2=" " tag="310"><subfield code="a">Weekly</subfield></datafield><datafield ind1="0" ind2=" " tag="362"><subfield code="a">Vol. 1, no. 1 (Nov. 3, 1884)-v. 2, no. 1 (Nov. 2, 1885).</subfield></datafield><datafield ind1=" " ind2=" " tag="500"><subfield code="a">Editor: A.G. Ellis.</subfield></datafield><datafield ind1=" " ind2=" " tag="530"><subfield code="a">Available on microfilm from The State Historical Society of Wisconsin.</subfield></datafield><datafield ind1=" " ind2=" " tag="752"><subfield code="a">United States</subfield><subfield code="b">Wisconsin</subfield><subfield code="c">Portage</subfield><subfield code="d">Stevens Point.</subfield></datafield><datafield ind1="1" ind2=" " tag="029"><subfield code="a">AU@</subfield><subfield code="b">000025797681</subfield></datafield></record>